@book{corejava,
  author    = {Cay S. Horstmann},
  publisher = {Addison-Wesley Professional},
  title     = {Core Java: Fundamentals, Volume 1},
  year      = {2018}
}

@manual{liaoxuefeng,
  author = {廖雪峰},
  title  = {廖雪峰Java教程}
}